<record xmlns="http://www.loc.gov/MARC21/slim" xmlns:xsi="http://www.w3.org/2001/XMLSchema-instance" xsi:schemaLocation="http://www.loc.gov/MARC21/slim http://www.loc.gov/standards/marcxml/schema/MARC21slim.xsd"><leader>00780cz   2200133n  4500</leader><controlfield tag="001">oca03663791 </controlfield><controlfield tag="005">20001025070857.0</controlfield><controlfield tag="008">940816n| acannaabn          |a aaa      </controlfield><datafield ind1=" " ind2=" " tag="010"><subfield code="a">n  94078600 </subfield></datafield><datafield ind1=" " ind2=" " tag="040"><subfield code="a">DLC</subfield><subfield code="b">eng</subfield><subfield code="c">DLC</subfield><subfield code="d">DLC</subfield><subfield code="d">OCoLC</subfield></datafield><datafield ind1="1" ind2=" " tag="100"><subfield code="a">Piso Frugi, Lucius Calpurnius,</subfield><subfield code="d">b. ca. 182 B.C.</subfield></datafield><datafield ind1="1" ind2=" " tag="400"><subfield code="a">Piso Frugi, L. Calpurnius</subfield><subfield code="q">(Lucius Calpurnius),</subfield><subfield code="d">b. ca. 182 B.C.</subfield></datafield><datafield ind1=" " ind2=" " tag="670"><subfield code="a">Forsythe, G. The historian L. Calpurnius Piso Frugi and the Roman annalistic tradition, c1994:</subfield><subfield code="b">CIP galley (Lucius Calpurnius Piso Frugi) CIP galley (b. ca. 182-179 B.C.; Roman praetor in about 136 B.C.; Roman consul in 133 B.C.)</subfield></datafield><datafield ind1=" " ind2=" " tag="670"><subfield code="a">Encyc. Brit., 1972, v. 17, p. 1111</subfield><subfield code="b">(Lucius Calpurnius Piso, surnamed Frugi; Roman statesman and historian; tribune in 149 B.C., consul in 133 B.C., censor in 120 B.C.)</subfield></datafield></record>